<record><leader>00000cas a22000007a 4500</leader><controlfield tag="001">16932894</controlfield><controlfield tag="008">871103d18941941ohuwr ne      0    0eng d</controlfield><datafield ind1=" " ind2=" " tag="010"><subfield code="a">sn 87075197 </subfield></datafield><datafield ind1=" " ind2=" " tag="040"><subfield code="a">ONP</subfield><subfield code="b">eng</subfield><subfield code="c">ONP</subfield><subfield code="d">OCLCQ</subfield></datafield><datafield ind1=" " ind2=" " tag="042"><subfield code="a">msc</subfield></datafield><datafield ind1="0" ind2=" " tag="130"><subfield code="a">Tribune-telegraph (Pomeroy, Ohio : 1894)</subfield></datafield><datafield ind1="1" ind2="4" tag="245"><subfield code="a">The Tribune-telegraph.</subfield></datafield><datafield ind1="3" ind2="0" tag="246"><subfield code="a">Tribune and telegraph</subfield></datafield><datafield ind1=" " ind2=" " tag="260"><subfield code="a">Pomeroy, Meigs County, Ohio :</subfield><subfield code="b">Union Print. Co.,</subfield><subfield code="c">1894-1941.</subfield></datafield><datafield ind1=" " ind2=" " tag="310"><subfield code="a">Weekly</subfield></datafield><datafield ind1="0" ind2=" " tag="362"><subfield code="a">Feb. 28, 1894-Jan. 15, 1941.</subfield></datafield><datafield ind1=" " ind2=" " tag="580"><subfield code="a">Absorbed: Republican (Middleport, Ohio), Dec. 4, 1918 and: Middleport leader, Apr. 1921.</subfield></datafield><datafield ind1=" " ind2=" " tag="752"><subfield code="a">United States</subfield><subfield code="b">Ohio</subfield><subfield code="c">Meigs</subfield><subfield code="d">Pomeroy.</subfield></datafield><datafield ind1="0" ind2=" " tag="775"><subfield code="t">Daily tribune (Pomeroy, Ohio)</subfield><subfield code="w">(DLC)sn 87075196</subfield></datafield><datafield ind1="0" ind2="4" tag="780"><subfield code="t">Tribune (Racine, Ohio)</subfield><subfield code="w">(DLC)sn 85038191</subfield></datafield><datafield ind1="0" ind2="4" tag="780"><subfield code="t">Telegraph (Pomeroy, Ohio)</subfield><subfield code="w">(DLC)sn 85038186</subfield></datafield><datafield ind1="1" ind2="5" tag="780"><subfield code="t">Republican (Middleport, Ohio)</subfield><subfield code="w">(DLC)sn 87075180</subfield></datafield><datafield ind1="1" ind2="5" tag="780"><subfield code="t">Middleport leader</subfield></datafield></record>